<?xml version="1.0" encoding="UTF-8"?><collection xmlns="http://www.loc.gov/MARC21/slim"><record><leader>00564nam--2200193-u-4500</leader><controlfield tag="001">000053166</controlfield><controlfield tag="002">20161230</controlfield><controlfield tag="005">20161230201051</controlfield><controlfield tag="008">110110s1000------------r-----000-0-rum-d</controlfield><datafield ind1=" " ind2=" " tag="040"><subfield code="a">IFIN-HH</subfield></datafield><datafield ind1=" " ind2=" " tag="041"><subfield code="a">rum</subfield></datafield><datafield ind1=" " ind2=" " tag="080"><subfield code="a">539.124.43(043.2)</subfield></datafield><datafield ind1="1" ind2=" " tag="100"><subfield code="a">Ghica, Daniela</subfield></datafield><datafield ind1="1" ind2="0" tag="245"><subfield code="a">Rezonanta magnetica a produsilor de radioliza in cristale clonate de srcl2:fe</subfield><subfield code="b">Rezumatul tezei</subfield><subfield code="c">2006</subfield></datafield><datafield ind1=" " ind2=" " tag="260"><subfield code="a">Bucuresti</subfield><subfield code="b">Ifa</subfield><subfield code="c">2006</subfield></datafield><datafield ind1=" " ind2=" " tag="300"><subfield code="a">22P</subfield></datafield><datafield ind1=" " ind2=" " tag="502"><subfield code="a">Conducator Stiintific: Dr. Sergiu V. Nistor</subfield></datafield><datafield ind1=" " ind2=" " tag="852"><subfield code="a">81757</subfield><subfield code="c">539.143.43</subfield></datafield><datafield ind1=" " ind2=" " tag="CAT"><subfield code="a">Sys</subfield><subfield code="c">20110110</subfield><subfield code="h">140428</subfield></datafield></record></collection>